<record><leader>00000cas a22000007a 4500</leader><controlfield tag="001">15114053</controlfield><controlfield tag="008">870126d1897190uinuwr ne      0    0eng d</controlfield><datafield ind1=" " ind2=" " tag="010"><subfield code="a">sn 87055135 </subfield></datafield><datafield ind1=" " ind2=" " tag="040"><subfield code="a">NPI</subfield><subfield code="b">eng</subfield><subfield code="c">NPI</subfield><subfield code="d">OCLCQ</subfield></datafield><datafield ind1=" " ind2=" " tag="042"><subfield code="a">msc</subfield></datafield><datafield ind1="0" ind2="0" tag="245"><subfield code="a">Rochester weekly sentinel.</subfield></datafield><datafield ind1=" " ind2=" " tag="260"><subfield code="a">Rochester, Ind. :</subfield><subfield code="b">[Henry A. Barnhart],</subfield><subfield code="c">1897-</subfield></datafield><datafield ind1=" " ind2=" " tag="310"><subfield code="a">Weekly</subfield></datafield><datafield ind1="0" ind2=" " tag="362"><subfield code="a">Vol. 40, no. 9 [i.e. 49] (Dec. 3, 1897)-</subfield></datafield><datafield ind1=" " ind2=" " tag="500"><subfield code="a">Publisher from Miller, John W. Indiana Newspaper bibliog.</subfield></datafield><datafield ind1=" " ind2=" " tag="580"><subfield code="a">Also published in a daily ed. called: The Evening sentinel.</subfield></datafield><datafield ind1=" " ind2=" " tag="752"><subfield code="a">United States</subfield><subfield code="b">Indiana</subfield><subfield code="c">Fulton</subfield><subfield code="d">Rochester.</subfield></datafield><datafield ind1="1" ind2=" " tag="775"><subfield code="t">Evening sentinel (Rochester, Ind.)</subfield><subfield code="w">(DLC)sn 87055104</subfield><subfield code="w">(OCoLC)15103973</subfield></datafield><datafield ind1="0" ind2="0" tag="780"><subfield code="t">Rochester sentinel (Rochester, Ind. : 1870 : Weekly)</subfield><subfield code="w">(DLC)sn 84038025</subfield><subfield code="w">(OCoLC)11180723</subfield></datafield><datafield ind1="0" ind2="0" tag="785"><subfield code="t">Rochester sentinel (Rochester, Ind. : 1902 : Weekly)</subfield><subfield code="w">(DLC)sn 87055136</subfield><subfield code="w">(OCoLC)15114077</subfield></datafield></record>